 
@article{houghnote2,
  title={Size invariant circle detection},
  author={Atherton, Tim J and Kerbyson, Darren J},
  journal={Image and Vision computing},
  volume={17},
  number={11},
  pages={795--803},
  year={1999},
  publisher={Elsevier}
}

@article{houghnote1,
  title={Detect Lines and Curves in Pictures},
  author={Duda, Richard O and Hart, Peter E},
  year={1972},
  publisher={Citeseer}
}

@article{canny1,
  title={A computational approach to edge detection},
  author={Canny, John},
  journal={IEEE Transactions on pattern analysis and machine intelligence},
  number={6},
  pages={679--698},
  year={1986},
  publisher={Ieee}
}